
@book{Meszaros:2006:XTP:1076526,
    author = {Meszaros, Gerard},
    title = {XUnit Test Patterns: Refactoring Test Code},
    year = {2006},
    isbn = {0131495054},
    publisher = {Prentice Hall PTR},
    address = {Upper Saddle River, NJ, USA},
} 

@book{Martin:2008:CCH:1388398,
    author = {Martin, Robert C.},
    title = {Clean Code: A Handbook of Agile Software Craftsmanship},
    year = {2008},
    isbn = {0132350882, 9780132350884},
    edition = {1},
    publisher = {Prentice Hall PTR},
    address = {Upper Saddle River, NJ, USA},
} 

@book{whittaker2012google,
  title={How Google tests software},
  author={Whittaker, James A and Arbon, Jason and Carollo, Jeff},
  year={2012},
  publisher={Addison-Wesley}
}

@online{NirajBhattBlog:TestDoubles,
  title           = {Niraj Bhatt – Architect's Blog},
  howpublished    = "\url{https://nirajrules.wordpress.com/2011/08/27/dummy-vs-stub-vs-spy-vs-fake-vs-mock/} (2011-08-27)"
}
  url             ={https://nirajrules.wordpress.com/2011/08/27/dummy-vs-stub-vs-spy-vs-fake-vs-mock/},
  urldate         ={2015-11-01}


@online{NirajBhattBlog:TestDoubles,
  title           = {Niraj Bhatt – Architect's Blog},
}


@online{testdroid:agileProcess,
  author          ="Ville-Veikko Helppi",
  title           ="{The Agile Process for Mobile Game Development and Testing}",
  howpublished    = "\url{http://testdroid.com/tech/the-agile-process-for-mobile-game -development-and-testing} (2015-01-14)",
  urldate         ={2016-01-24}
}
  url             ={http://testdroid.com/tech/the-agile-process-for-mobile-game- development-and-testing},

@online{unity3d:TestToolsQA,
  title           ="{Unity QA: Test Tools}",
  howpublished    = "\url{https://unity3d.com/unity/qa/test-tools}",
  urldate         ={2016-01-24}
}
  url             ={https://unity3d.com/unity/qa/test-tools},

@online{bitbucket:unityTestToolsWiki,
  title           ="{Unity Test Tools Wiki}",
  howpublished    = "\url{https://bitbucket.org/Unity-Technologies/unitytesttools/wiki/} (2015-12-14)",
  urldate         ={2016-01-24}
}
  url             ={https://bitbucket.org/Unity-Technologies/unitytesttools/wiki/},

@online{noel:testingBlog,
  author          ="Noel Llopis",
  title           ="{Backwards Is Forward: Making Better Games with Test-Driven Development}",
  howpublished    = "\url{http://gamesfromwithin.com/backwards-is-forward-making-better-games -with-test-driven-development} (2006-03-12)",
  urldate         ={2016-01-24}
}
  url             ={http://gamesfromwithin.com/backwards-is-forward-making-better-games-with-test-driven-development},

@online{crytek:aaatesting,
  author          ="Francesco Carucci",
  title           ="{AAA Automated Testing for AAA Games}",
  howpublished    = "\url{http://www.crytek.com/cryengine/cryengine3/presentations/aaa-automated-testing-for-aaa-games} (2009-08-16)",
  urldate         ={2016-01-24}
}
  url             ={http://www.crytek.com/cryengine/cryengine3/presentations/aaa-automated-testing-for-aaa-games},

@online{gamasutra:automatedTests,
  author          ="Fabian Röken, Dag Frommhold",
  title           ="{Automated Tests and Continuous Integration in Game Projects}",
  howpublished    = "\url{http://www.gamasutra.com/view/feature/2269/automated_tests_and_continuous_.php} (2005-03-29)",
  urldate         ={2016-01-24}
}
  url             ={http://www.gamasutra.com/view/feature/2269/automated_tests_and_continuous_.phps},