@article{lohse_how_2010,
	title = {How changing the focus of attention affects performance, kinematics, and electromyography in dart throwing},
	volume = {29},
	url = {http://www.sciencedirect.com/science/article/pii/S0167945710000576},
	number = {4},
	urldate = {2014-01-07},
	journal = {Human Movement Science},
	author = {Lohse, Keith R. and Sherwood, David E. and Healy, Alice F.},
	year = {2010},
	pages = {542a555}
},

@article{smeets_throwing_2002,
	title = {Throwing darts: timing is not the limiting factor},
	volume = {144},
	issn = {0014-4819, 1432-1106},
	shorttitle = {Throwing darts},
	url = {http://link.springer.com/article/10.1007/s00221-002-1072-2},
	doi = {10.1007/s00221-002-1072-2},
	number = {2},
	urldate = {2014-01-10},
	journal = {Experimental Brain Research},
	author = {Smeets, Jeroen B. J. and Frens},
	month = may,
	year = {2002},
	keywords = {Arm movement, Human, Neurology, Neurosciences, Precision, Timing, Variability},
	pages = {268--274}
}
