@book{Martin-Code-2008,
   title =     {Clean Code: A Handbook of Agile Software Craftsmanship},
   author =    {Robert C. Martin},
   publisher = {Prentice Hall},
   isbn =      {0-13-235088-2, 978-0-13-235088-4},
   year =      {2008},
   series =    {},
   edition =   {1},
   volume =    {}
}