@article{microsoft_installation_2015,
	title = {Installation and Maintenance of Games},
	url = {https://msdn.microsoft.com/en-us/library/windows/desktop/ee418265%28v=vs.85%29.aspx},
	urldate = {2015-10-20},
	journal = {MSDN},
	author = {Microsoft Developer Network},
	year = {2015}
}

@article{jarman_testing_2010,
	title = {Testing and Maintenance in the Video Game Industry Today},
	url = {http://digitalcommons.liberty.edu/cgi/viewcontent.cgi?article=1136&context=honors},
	urldate = {2015-10-20},
	author = {Jarman, Anthony},
	year = {2010}
}

@book{sneed_software_2005,
	title = {Software-Produktmanagement: Wartung und Weiterentwicklung bestehender Anwendungssysteme},
	shorttitle = {Software-Produktmanagement},
	edition = {1},
	author = {Sneed, Harry M. and Hasitschka, Martin and Teichmann, Maria-Therese},
	year = {2005},
	publisher = {dpunkt-Verlag}
}

@article{pigoski_software_2015,
	title = {Software Maintenance},
	url = {http://sce.uhcl.edu/helm/SWEBOK_IEEE/data/swebok_chapter_06.pdf},
	urldate = {2015-10-20},
	author = {Pigoski, Thomas M.},
	month = may,
	year = {2001}
}

@article{nc_software_2015,
	title = {Software Maintenance},
	url = {http://agile.csc.ncsu.edu/SEMaterials/MaintenanceRefactoring.pdf},
	urldate = {2015-10-20},
	journal = {NC State University},
	author = {NC State University},
	year = {2015}
}


@article{bcs_software_2015,
	title = {Software maintenance - an overview},
	shorttitle = {Software maintenance},
	url = {http://www.bcs.org/content/ConWebDoc/3063},
	urldate = {2015-10-20},
	journal = {bcs - The Chartered Institute for IT},
	author = {BCS},
	year = {2015}
}

@article{cote_model_1990,
  title = {A model for estimating perfective software maintenance projects},
  shorttitle = {Model for perfective maintenance},
  booktitle = {Software Maintenance, 1990, Proceedings., Conference on},
  url = {http://ieeexplore.ieee.org/xpls/abs_all.jsp?arnumber=131382},
  urldate = {2015-11-17},
  pages = {328--334},
  organization = {IEEE},
  author = {Cote, Vianney and St-Pierre, Denise},
  year = {1990},
}

@book{moore_game_2009,
  title={Game development essentials: Game industry career guide},
  shorttitle = {Game development essentials},
  url = {http://dl.acm.org/citation.cfm?id=1816548},
  urldate = {2015-11-17},
  author={Moore, Michael E and Novak, Jeannie},
  year={2009},
  publisher={Delmar Learning}
}

@article{ieee_software_1998,
  title={IEEE Standard for Software Maintenance},
  url = {http://www.cs.uah.edu/~rcoleman/CS499/CourseTopics/IEEE_Std_1219-1998.pdf},
  urldate = {2015-11-17},
  author={Software Engineering Standards Committee and others},
  journal={IEEE Std},
  pages={5},
  year={1998}
}

@article{asterix_faq_2014,
  title = {Asterix and Friends FAQ},
  url = {https://www.asterix-friends.com/de/faq/},
  urldate = {2016-01-23},
  author = {Sproing-Publishing-GmbH},
  year={2014}
}

@article{asterix_sproing_2015,
  title = {Sproing Website - Asterix and Friends},
  url = {https://www.sproing.com/game/asterix-friends/},
  urldate = {2016-01-23},
  author = {Sproing-Interactive-Media-GmbH},
  year={2015}
}

@misc {seibert_interview_2016,
  title={Interview with Felix Seibert about Community Feedback in Asterix and Friends},
  howpublished={personal communication},
  author={Felix Seibert},
  year={2016}
}

@article{lierop_community_2015,
  title = {The Long Dark \& Community Influenced Development},
  url = {https://www.youtube.com/watch?v=xeCN8JJ7L9M},
  urldate = {2016-01-24},
  author = {Raphael van Lierop},
  year={2015}
}

@article{butcher_destiny_2015,
  title = {Destiny: Six Years in the Making - GDC 2015},
  url = {https://www.youtube.com/watch?v=UU92a5pKV6k},
  urldate = {2016-01-25},
  author = {Chris Butcher},
  year={2015}
}