@book{hill_indie_2015,
	address = {Burlington, MA},
	title = {The Indie Game Developer Handbook},
	isbn = {978-1-138-82842-1},
	language = {English},
	publisher = {Focal Press},
	author = {Hill-Whittall, Richard},
	month = feb,
	year = {2015}
}

@misc{about_2016,
	title = {About {SlideME}},
	url = {http://slideme.org/about-slideme},
	abstract = {SlideME's philosophy is simple: one Application Store can't reach everyone, everywhere with the applications they want. We provide an 'on-device' Application Store for device vendors, applications to},
	urldate = {2016-01-24},
	journal = {SlideME},
	author = {{SlideME}},
	year = {2016},
}

@misc{rubin_amazon_2015,
	title = {Amazon {Appstore} nears 400K apps on 'huge progress'},
	url = {http://www.cnet.com/news/amazon-appstore-nears-400k-apps-on-huge-progress/},
	abstract = {The e-commerce giant has been behind Apple and Google in the app store race, though it's taken steps to improve its offering and those are starting to pay off.},
	urldate = {2016-01-24},
	journal = {CNET},
	author = {Rubin, Ben Fox},
	month = mar,
	year = {2015},
}

@misc{igda_amazons_2011,
	title = {Amazon’s clarification fails to address game developer concerns},
	url = {https://igdaboard.wordpress.com/2011/04/19/amazon%e2%80%99s-clarification-fails-to-address-game-developer-concerns/},
	abstract = {The IGDA is pleased that Amazon has shown a willingness to clarify its distribution terms, so that all versions on the Amazon site are consistent. However, the majority of our concerns remain unadd...},
	urldate = {2016-01-24},
	journal = {International Game Developers Association Board},
	author = {{IGDA}},
	month = apr,
	year = {2011},
}

@misc{opensignal_android_2015,
	title = {Android {Fragmentation} {Report} {August} 2015},
	url = {http://opensignal.com/reports/2015/08/android-fragmentation/},
	abstract = {OpenSignal Insight Report into the State of Android Fragmentation August 2015},
	urldate = {2016-01-24},
	author = {{OpenSignal.com}},
	year = {2015},
}

@misc{perez_android_2015,
	title = {Android {Users} {Can} {Now} {Record} {And} {Publish} {Their} {Video} {Gameplay} {From} {The} {Google} {Play} {Games} {App}},
	url = {http://social.techcrunch.com/2015/10/28/android-users-can-now-record-publish-their-video-gameplay-from-the-google-play-games-app/},
	abstract = {Google is doubling down on its investment in its Twitch competitor, YouTube Gaming, with today's launch of a new feature in its Google Play Games app that..},
	urldate = {2016-01-24},
	journal = {TechCrunch},
	author = {Perez, Sarah},
	month = oct,
	year = {2015},
}

@misc{protalinski_app_2016,
	title = {App {Annie} 2015: {Google} {Play} saw 100\% more downloads than the {iOS} {App} {Store}, but {Apple} generated 75\% more revenue},
	shorttitle = {App {Annie} 2015},
	url = {http://venturebeat.com/2016/01/20/app-annie-2015-google-play-saw-100-more-downloads-than-the-ios-app-store-but-apple-generated-75-more-revenue/},
	abstract = {In 2015, Google Play saw 100 percent more downloads than Apple's App Store. Double the number of downloads is a huge achievement. In 2014, the figure was 60 percent, meaning Google Play was not only bigger in 2015, it grew even faster than Apple's App Store.},
	urldate = {2016-01-24},
	journal = {VentureBeat},
	author = {Protalinski, Emil},
	month = jan,
	year = {2016},
}

@misc{apple_apple_2016,
	title = {Apple {Developer} {Program}},
	url = {https://developer.apple.com/programs/},
	urldate = {2016-01-24},
	author = {{Apple}},
	year = {2016},
}

@misc{ingraham_apples_2015,
	title = {Apple's {App} {Store} has passed 100 billion app downloads},
	url = {http://www.theverge.com/2015/6/8/8739611/apple-wwdc-2015-stats-update},
	abstract = {Tim Cook skipped his usual stat updates at the beginning of the WWDC 2015 keynote, but now he has just announced that the App Store has passed 100 billion app downloads in the seven years since it...},
	urldate = {2016-01-24},
	journal = {The Verge},
	author = {Ingraham, Nathan},
	month = jun,
	year = {2015},
}

@misc{apple_app_2016,
	title = {App {Store} {Review} {Guidelines}},
	url = {https://developer.apple.com/app-store/review/guidelines/},
	urldate = {2016-01-24},
	author = {{Apple}},
	year = {2016},
}

@misc{perez_app_2015,
	title = {App {Submissions} {On} {Google} {Play} {Now} {Reviewed} {By} {Staff}, {Will} {Include} {Age}-{Based} {Ratings}},
	url = {http://social.techcrunch.com/2015/03/17/app-submissions-on-google-play-now-reviewed-by-staff-will-include-age-based-ratings/},
	abstract = {Google Play, Google's marketplace for Android applications which now reaches a billion people in over 190 countries, has historically differentiated itself..},
	urldate = {2016-01-24},
	journal = {TechCrunch},
	author = {Perez, Sarah},
	month = mar,
	year = {2015},
}

@misc{borison_blek_2014,
	title = {Blek {Founder} {Tells} {Us} {How} {He} {Got} {To} {No}.1 {In} {The} {App} {Store} {For} 20 {Straight} {Days}},
	url = {http://www.businessinsider.com/blek-cofounder-explains-the-apps-success-2014-5},
	abstract = {What does it take to get featured in the App Store?},
	urldate = {2016-01-24},
	journal = {Business Insider},
	author = {Borison, Rebecca},
	month = may,
	year = {2014},
}

@misc{apple_choosing_2016,
	title = {Choosing a {Membership}},
	url = {https://developer.apple.com/support/compare-memberships/},
	urldate = {2016-01-24},
	author = {{Apple}},
	year = {2016},
}

@misc{tassi_fallout_2015,
	title = {'{Fallout} {Shelter}' {Brings} {In} \$5.1M {For} {Bethesda}, {But} {Is} {About} {To} {Hit} {A} {Wall}},
	url = {http://www.forbes.com/sites/insertcoin/2015/07/17/fallout-shelter-brings-in-5-1m-for-bethesda-but-is-about-to-hit-a-wall/},
	abstract = {Bethesda has causally wandered into massive mobile success with the E3 release of Fallout Shelter, their Fallout 4 preview companion game that has players building and managing their own vault. It rocketed up the Apple iOS charts after it was announced on stage at E3, and now we have some quantifiable [...]},
	urldate = {2016-01-24},
	journal = {Forbes},
	author = {Tassi, Paul},
	month = jul,
	year = {2015},
}

@misc{apple_game_2016,
	title = {Game {Center} for {Developers}},
	url = {https://developer.apple.com/game-center/},
	urldate = {2016-01-24},
	author = {{Apple}},
	year = {2016},
}

@misc{apple_gamekit_2016,
	title = {{GameKit} {Framework} {Reference}},
	url = {https://developer.apple.com/library/ios/documentation/GameKit/Reference/GameKit_Collection/},
	urldate = {2016-01-24},
	author = {{Apple}},
	year = {2016},
}

@misc{ranger_ios_2015,
	title = {{iOS} versus {Android}. {Apple} {App} {Store} versus {Google} {Play}: {Here} comes the next battle in the app wars},
	shorttitle = {{iOS} versus {Android}. {Apple} {App} {Store} versus {Google} {Play}},
	url = {http://www.zdnet.com/article/ios-versus-android-apple-app-store-versus-google-play-here-comes-the-next-battle-in-the-app-wars/},
	abstract = {Apple and iOS had a head start with apps, but now Android has caught up and even overtaken it: how this will play out is far from certain.},
	urldate = {2016-01-24},
	journal = {ZDNet},
	author = {Ranger, Steve},
	month = jan,
	year = {2015},
}

@misc{next_generation_2016,
	title = {Next-{Generation} {Android} {Games} on {NVIDIA} {SHIELD}},
	url = {http://shield.nvidia.com/games/android},
	abstract = {Get the latest family and indie Android titles, and even those with rich gameplay and intense multiplayer action. Only NVIDIA SHIELD plays them all.},
	urldate = {2016-01-24},
	journal = {SHIELD},
	year = {2016},
	author = {{NVidia}},
}

@misc{ouya_2016,
	title = {{OUYA}: {A} {New} {Kind} of {Video} {Game} {Console}},
	shorttitle = {{OUYA}},
	url = {https://www.kickstarter.com/projects/ouya/ouya-a-new-kind-of-video-game-console},
	abstract = {Cracking open the last closed platform: the TV.  A beautiful, affordable console -- built on Android, by the creator of Jambox.},
	urldate = {2016-01-24},
	journal = {Kickstarter},
	author = {{OUYA}},
	year = {2016},
}

@misc{google_play_2016,
	title = {Play {Games} {Services}},
	url = {https://developers.google.com/games/services/},
	abstract = {Google Play Games Services provides APIs that let you find, retain, and match players for your games on Android, iOS, C++, and the web.},
	urldate = {2016-01-24},
	journal = {Google Developers},
	author = {{Google}},
	year = {2016},
}

@misc{razer_2016,
	title = {Razer {Developers}},
	url = {https://gamers.ouya.tv/developers},
	abstract = {Razer Developer Portal - Welcome! We're excited to see what you'll develop for Cortex!},
	urldate = {2016-01-24},
	journal = {Cortex Developers},
	author = {{Razer}},
	year = {2016},
}

@misc{hartrell_unlocking_2014,
	title = {Unlocking the {Power} of {Google} for {Your} {Games}, at {GDC} {\textbar} {Android} {Developers} {Blog}},
	url = {http://android-developers.blogspot.co.at/2014/03/unlocking-power-of-google-for-your_17.html},
	urldate = {2016-01-24},
	author = {Hartrell, Greg},
	month = mar,
	year = {2014},
}


@misc{smith_valve_2015,
	title = {Valve to {Showcase} {SteamVR} {Hardware}, {Steam} {Machines}, \& {More} at {GDC} 2015},
	url = {http://www.anandtech.com/show/9003/valve-to-showcase-steamvr-hardware-steam-machines-more-at-gdc-2015},
	urldate = {2016-01-25},
	author = {Smith, Ryan},
	month = feb,
	year = {2015}
}

@misc{valve_steam_2016,
	title = {Steam {Greenlight}},
	url = {https://steamcommunity.com/sharedfiles/editgame/?appid=765},
	urldate = {2016-01-25},
	author = {{Valve}},
	year = {2016}
}

@misc{valve_steamworks_2016,
	title = {{STEAMWORKS}},
	url = {https://www.steampowered.com/steamworks/},
	urldate = {2016-01-25},
	author = {{Valve}},
	year = {2016}
}

@misc{gog_gog.com_2016,
	title = {{GOG}.com},
	url = {https://www.gog.com/indie},
	urldate = {2016-01-25},
	author = {{GOG}},
	year = {2016}
}

@misc{humble_bundle_humble_2016,
	title = {Humble {Bundle} {Developer} {Resources}},
	url = {https://www.humblebundle.com/developer},
	urldate = {2016-01-25},
	author = {{Humble Bundle}},
	year = {2016}
}

@misc{humble_bundle_humble_2016-1,
	title = {The {Humble} {Widget}},
	url = {https://www.humblebundle.com/developer/widget},
	urldate = {2016-01-25},
	author = {{Humble Bundle}},
	year = {2016}
}

@misc{microsoft_publish_2016,
	title = {Publish {Windows} apps - {Windows} app development},
	url = {https://dev.windows.com/en-us/publish},
	urldate = {2016-01-25},
	author = {{Microsoft}},
	year = {2016}
}

@misc{kuchera_penny_2013,
	title = {Penny {Arcade} - {How} the {Humble} {Store} may challenge {Steam} the business of helping indie developers},
	url = {https://www.penny-arcade.com/report/article/how-the-humble-store-may-challenge-steam-the-business-of-helping-indie},
	abstract = {Videogaming-related online strip by Mike Krahulik and Jerry Holkins. Includes news and commentary.},
	urldate = {2016-01-25},
	journal = {Penny Arcade},
	author = {Kuchera, Ben},
	month = jan,
	year = {2013}
}