@article{kruchten1995architectural,
  title={Architectural Blueprints—The “4+ 1” View Model of Software Architecture},
  author={Kruchten, Philippe},
  journal={Tutorial Proceedings of Tri-Ada},
  volume={95},
  pages={540--555},
  year={1995}
}

@book{pfeifer1989etymologisches,
  title={Etymologisches w{\"o}rterbuch des deutschen},
  author={Pfeifer, Wolfgang and Braun, Wilhelm},
  year={1989},
  publisher={Akademie-Verlag}
}

@book{sommerville,
title={Software Engineering},
author={Sommerville, Ian},
year={2011},
publisher={Pearson}
}

@book{starke2011effektive,
  title={Effektive Software-Architekturen},
  author={Starke, Gernot},
  year={2011},
  publisher={Hanser Verlag}
}
@book{starke_rausch,
title={Basiswissen für Software-architekten},
author={Starke, Gernot and Rausch, Andreas and Koschel, Arne and Gharbi, Mahbouba},
year={2013},
publisher={dpunkt}
}
@book{maksimchuk2004uml,
  title={Uml for mere mortals},
  author={Maksimchuk, Robert and Naiburg, Eric},
  year={2004},
  publisher={Addison-Wesley Professional}
}
@book{Shvets,
  title={Design Patterns Explained Simply},
  author={Alexander Shvets},
  year={2014},
  publisher={Sourcemaking.com}
}
@ONLINE {umldiagrams.org2015_profile,
    title  = {UML Profile Diagrams},
    author = {uml-diagrams.org},
    month  = {nov},
    year   = {2015},
    url    = {http://www.uml-diagrams.org/profile-diagrams.html}
}
@ONLINE {umldiagrams.org2015,
    author = {uml-diagrams.org},
    title  = {UML 2.5 Diagrams Overview},
    month  = {nov},
    year   = {2015},
    url    = {http://www.uml-diagrams.org/uml-25-diagrams.html}
}

@book{nystrom2014game,
  title={Game programming patterns},
  author={Nystrom, Robert},
  year={2014},
  publisher={Genever Benning}
}

@book{model-stahl-2006,
   title =     {{Model-Driven Software Development: Technology, Engineering, Management}},
   author =    {Thomas Stahl, Markus  Voelter, Krzysztof Czarnecki},
   publisher = {Wiley},
   isbn =      {0470025700,9780470025703},
   year =      {2006},
   series =    {},
   edition =   {1},
   volume =    {}
}

@book{model-zhu-2014,
  title={{Model-Driven Game Development Addressing Architectural Diversity and Game Engine-Integration}},
  author={Meng, Zhu},
  publisher = {Norwegian University of Science and Technology},
  volume={95},
  year =      {2014},
  series =    {},
  volume =    {}
}